
@misc{wikipedia,
  title={Wind rose},
  author={Wikipedia},
  year={2020},
  publisher={https://en.wikipedia.org}
}


@article{parish2009propagation,
  title={Propagation of tropospheric gravity waves into the upper atmosphere of {M}ars},
  author={Parish, Helen F and Schubert, Gerald and Hickey, Michael P and Walterscheid, Richard L},
  journal={Icarus},
  volume={203},
  number={1},
  pages={28--37},
  year={2009},
  publisher={Elsevier}
}

